@inproceedings{Sergey:2015:MVF:2737924.2737964,
 author = {Sergey, Ilya and Nanevski, Aleksandar and Banerjee, Anindya},
 title = {Mechanized Verification of Fine-grained Concurrent Programs},
 booktitle = {Proceedings of the 36th ACM SIGPLAN Conference on Programming Language Design and Implementation},
 series = {PLDI '15},
 year = {2015},
 isbn = {978-1-4503-3468-6},
 location = {Portland, OR, USA},
 pages = {77--87},
 numpages = {11},
 url = {http://doi.acm.org/10.1145/2737924.2737964},
 doi = {10.1145/2737924.2737964},
 acmid = {2737964},
 publisher = {ACM},
 address = {New York, NY, USA},
 keywords = {Compositional program verification, concurrency, dependent types, mechanized proofs, separation logic},
} 